%YAML 1.1
%TAG !u! tag:unity3d.com,2011:
--- !u!1 &1906021390113304041
GameObject:
  m_ObjectHideFlags: 0
  m_CorrespondingSourceObject: {fileID: 0}
  m_PrefabInstance: {fileID: 0}
  m_PrefabAsset: {fileID: 0}
  serializedVersion: 6
  m_Component:
  - component: {fileID: 1906021390113304040}
  - component: {fileID: 1906021390113304037}
  - component: {fileID: 1906021390113304042}
  - component: {fileID: 1906021390113304043}
  m_Layer: 0
  m_Name: MovePoint (4)
  m_TagString: Untagged
  m_Icon: {fileID: -964228994112308473, guid: 0000000000000000d000000000000000, type: 0}
  m_NavMeshLayer: 0
  m_StaticEditorFlags: 0
  m_IsActive: 1
--- !u!4 &1906021390113304040
Transform:
  m_ObjectHideFlags: 0
  m_CorrespondingSourceObject: {fileID: 0}
  m_PrefabInstance: {fileID: 0}
  m_PrefabAsset: {fileID: 0}
  m_GameObject: {fileID: 1906021390113304041}
  m_LocalRotation: {x: -0, y: -0, z: -0, w: 1}
  m_LocalPosition: {x: 129.7, y: 0.9, z: -40.6}
  m_LocalScale: {x: 1, y: 1, z: 1}
  m_ConstrainProportionsScale: 0
  m_Children: []
  m_Father: {fileID: 1906021390644267092}
  m_RootOrder: 10
  m_LocalEulerAnglesHint: {x: 0, y: 0, z: 0}
--- !u!33 &1906021390113304037
MeshFilter:
  m_ObjectHideFlags: 0
  m_CorrespondingSourceObject: {fileID: 0}
  m_PrefabInstance: {fileID: 0}
  m_PrefabAsset: {fileID: 0}
  m_GameObject: {fileID: 1906021390113304041}
  m_Mesh: {fileID: 10202, guid: 0000000000000000e000000000000000, type: 0}
--- !u!23 &1906021390113304042
MeshRenderer:
  m_ObjectHideFlags: 0
  m_CorrespondingSourceObject: {fileID: 0}
  m_PrefabInstance: {fileID: 0}
  m_PrefabAsset: {fileID: 0}
  m_GameObject: {fileID: 1906021390113304041}
  m_Enabled: 1
  m_CastShadows: 1
  m_ReceiveShadows: 1
  m_DynamicOccludee: 1
  m_StaticShadowCaster: 0
  m_MotionVectors: 1
  m_LightProbeUsage: 1
  m_ReflectionProbeUsage: 1
  m_RayTracingMode: 2
  m_RayTraceProcedural: 0
  m_RenderingLayerMask: 257
  m_RendererPriority: 0
  m_Materials:
  - {fileID: 2100000, guid: 73c176f402d2c2f4d929aa5da7585d17, type: 2}
  m_StaticBatchInfo:
    firstSubMesh: 0
    subMeshCount: 0
  m_StaticBatchRoot: {fileID: 0}
  m_ProbeAnchor: {fileID: 0}
  m_LightProbeVolumeOverride: {fileID: 0}
  m_ScaleInLightmap: 1
  m_ReceiveGI: 1
  m_PreserveUVs: 0
  m_IgnoreNormalsForChartDetection: 0
  m_ImportantGI: 0
  m_StitchLightmapSeams: 1
  m_SelectedEditorRenderState: 3
  m_MinimumChartSize: 4
  m_AutoUVMaxDistance: 0.5
  m_AutoUVMaxAngle: 89
  m_LightmapParameters: {fileID: 0}
  m_SortingLayerID: 0
  m_SortingLayer: 0
  m_SortingOrder: 0
  m_AdditionalVertexStreams: {fileID: 0}
--- !u!114 &1906021390113304043
MonoBehaviour:
  m_ObjectHideFlags: 0
  m_CorrespondingSourceObject: {fileID: 0}
  m_PrefabInstance: {fileID: 0}
  m_PrefabAsset: {fileID: 0}
  m_GameObject: {fileID: 1906021390113304041}
  m_Enabled: 1
  m_EditorHideFlags: 0
  m_Script: {fileID: 11500000, guid: 054e3406cc174aab9d25de92ac048cf7, type: 3}
  m_Name: 
  m_EditorClassIdentifier: 
--- !u!1 &1906021390136959892
GameObject:
  m_ObjectHideFlags: 0
  m_CorrespondingSourceObject: {fileID: 0}
  m_PrefabInstance: {fileID: 0}
  m_PrefabAsset: {fileID: 0}
  serializedVersion: 6
  m_Component:
  - component: {fileID: 1906021390136959895}
  - component: {fileID: 1906021390136959888}
  - component: {fileID: 1906021390136959889}
  - component: {fileID: 1906021390136959894}
  m_Layer: 0
  m_Name: MovePoint (6)
  m_TagString: Untagged
  m_Icon: {fileID: -964228994112308473, guid: 0000000000000000d000000000000000, type: 0}
  m_NavMeshLayer: 0
  m_StaticEditorFlags: 0
  m_IsActive: 1
--- !u!4 &1906021390136959895
Transform:
  m_ObjectHideFlags: 0
  m_CorrespondingSourceObject: {fileID: 0}
  m_PrefabInstance: {fileID: 0}
  m_PrefabAsset: {fileID: 0}
  m_GameObject: {fileID: 1906021390136959892}
  m_LocalRotation: {x: -0, y: -0, z: -0, w: 1}
  m_LocalPosition: {x: 160, y: 0.9, z: -56.2}
  m_LocalScale: {x: 1, y: 1, z: 1}
  m_ConstrainProportionsScale: 0
  m_Children: []
  m_Father: {fileID: 1906021390644267092}
  m_RootOrder: 12
  m_LocalEulerAnglesHint: {x: 0, y: 0, z: 0}
--- !u!33 &1906021390136959888
MeshFilter:
  m_ObjectHideFlags: 0
  m_CorrespondingSourceObject: {fileID: 0}
  m_PrefabInstance: {fileID: 0}
  m_PrefabAsset: {fileID: 0}
  m_GameObject: {fileID: 1906021390136959892}
  m_Mesh: {fileID: 10202, guid: 0000000000000000e000000000000000, type: 0}
--- !u!23 &1906021390136959889
MeshRenderer:
  m_ObjectHideFlags: 0
  m_CorrespondingSourceObject: {fileID: 0}
  m_PrefabInstance: {fileID: 0}
  m_PrefabAsset: {fileID: 0}
  m_GameObject: {fileID: 1906021390136959892}
  m_Enabled: 1
  m_CastShadows: 1
  m_ReceiveShadows: 1
  m_DynamicOccludee: 1
  m_StaticShadowCaster: 0
  m_MotionVectors: 1
  m_LightProbeUsage: 1
  m_ReflectionProbeUsage: 1
  m_RayTracingMode: 2
  m_RayTraceProcedural: 0
  m_RenderingLayerMask: 257
  m_RendererPriority: 0
  m_Materials:
  - {fileID: 2100000, guid: 73c176f402d2c2f4d929aa5da7585d17, type: 2}
  m_StaticBatchInfo:
    firstSubMesh: 0
    subMeshCount: 0
  m_StaticBatchRoot: {fileID: 0}
  m_ProbeAnchor: {fileID: 0}
  m_LightProbeVolumeOverride: {fileID: 0}
  m_ScaleInLightmap: 1
  m_ReceiveGI: 1
  m_PreserveUVs: 0
  m_IgnoreNormalsForChartDetection: 0
  m_ImportantGI: 0
  m_StitchLightmapSeams: 1
  m_SelectedEditorRenderState: 3
  m_MinimumChartSize: 4
  m_AutoUVMaxDistance: 0.5
  m_AutoUVMaxAngle: 89
  m_LightmapParameters: {fileID: 0}
  m_SortingLayerID: 0
  m_SortingLayer: 0
  m_SortingOrder: 0
  m_AdditionalVertexStreams: {fileID: 0}
--- !u!114 &1906021390136959894
MonoBehaviour:
  m_ObjectHideFlags: 0
  m_CorrespondingSourceObject: {fileID: 0}
  m_PrefabInstance: {fileID: 0}
  m_PrefabAsset: {fileID: 0}
  m_GameObject: {fileID: 1906021390136959892}
  m_Enabled: 1
  m_EditorHideFlags: 0
  m_Script: {fileID: 11500000, guid: 054e3406cc174aab9d25de92ac048cf7, type: 3}
  m_Name: 
  m_EditorClassIdentifier: 
--- !u!1 &1906021390398593057
GameObject:
  m_ObjectHideFlags: 0
  m_CorrespondingSourceObject: {fileID: 0}
  m_PrefabInstance: {fileID: 0}
  m_PrefabAsset: {fileID: 0}
  serializedVersion: 6
  m_Component:
  - component: {fileID: 1906021390398593056}
  - component: {fileID: 1906021390398593501}
  - component: {fileID: 1906021390398593058}
  - component: {fileID: 1906021390398593059}
  m_Layer: 0
  m_Name: MovePoint (2)
  m_TagString: Untagged
  m_Icon: {fileID: -964228994112308473, guid: 0000000000000000d000000000000000, type: 0}
  m_NavMeshLayer: 0
  m_StaticEditorFlags: 0
  m_IsActive: 1
--- !u!4 &1906021390398593056
Transform:
  m_ObjectHideFlags: 0
  m_CorrespondingSourceObject: {fileID: 0}
  m_PrefabInstance: {fileID: 0}
  m_PrefabAsset: {fileID: 0}
  m_GameObject: {fileID: 1906021390398593057}
  m_LocalRotation: {x: -0, y: -0, z: -0, w: 1}
  m_LocalPosition: {x: 73.93, y: 0.9, z: -101.03}
  m_LocalScale: {x: 1, y: 1, z: 1}
  m_ConstrainProportionsScale: 0
  m_Children: []
  m_Father: {fileID: 1906021390644267092}
  m_RootOrder: 8
  m_LocalEulerAnglesHint: {x: 0, y: 0, z: 0}
--- !u!33 &1906021390398593501
MeshFilter:
  m_ObjectHideFlags: 0
  m_CorrespondingSourceObject: {fileID: 0}
  m_PrefabInstance: {fileID: 0}
  m_PrefabAsset: {fileID: 0}
  m_GameObject: {fileID: 1906021390398593057}
  m_Mesh: {fileID: 10202, guid: 0000000000000000e000000000000000, type: 0}
--- !u!23 &1906021390398593058
MeshRenderer:
  m_ObjectHideFlags: 0
  m_CorrespondingSourceObject: {fileID: 0}
  m_PrefabInstance: {fileID: 0}
  m_PrefabAsset: {fileID: 0}
  m_GameObject: {fileID: 1906021390398593057}
  m_Enabled: 1
  m_CastShadows: 1
  m_ReceiveShadows: 1
  m_DynamicOccludee: 1
  m_StaticShadowCaster: 0
  m_MotionVectors: 1
  m_LightProbeUsage: 1
  m_ReflectionProbeUsage: 1
  m_RayTracingMode: 2
  m_RayTraceProcedural: 0
  m_RenderingLayerMask: 257
  m_RendererPriority: 0
  m_Materials:
  - {fileID: 2100000, guid: 73c176f402d2c2f4d929aa5da7585d17, type: 2}
  m_StaticBatchInfo:
    firstSubMesh: 0
    subMeshCount: 0
  m_StaticBatchRoot: {fileID: 0}
  m_ProbeAnchor: {fileID: 0}
  m_LightProbeVolumeOverride: {fileID: 0}
  m_ScaleInLightmap: 1
  m_ReceiveGI: 1
  m_PreserveUVs: 0
  m_IgnoreNormalsForChartDetection: 0
  m_ImportantGI: 0
  m_StitchLightmapSeams: 1
  m_SelectedEditorRenderState: 3
  m_MinimumChartSize: 4
  m_AutoUVMaxDistance: 0.5
  m_AutoUVMaxAngle: 89
  m_LightmapParameters: {fileID: 0}
  m_SortingLayerID: 0
  m_SortingLayer: 0
  m_SortingOrder: 0
  m_AdditionalVertexStreams: {fileID: 0}
--- !u!114 &1906021390398593059
MonoBehaviour:
  m_ObjectHideFlags: 0
  m_CorrespondingSourceObject: {fileID: 0}
  m_PrefabInstance: {fileID: 0}
  m_PrefabAsset: {fileID: 0}
  m_GameObject: {fileID: 1906021390398593057}
  m_Enabled: 1
  m_EditorHideFlags: 0
  m_Script: {fileID: 11500000, guid: 054e3406cc174aab9d25de92ac048cf7, type: 3}
  m_Name: 
  m_EditorClassIdentifier: 
--- !u!1 &1906021390575360391
GameObject:
  m_ObjectHideFlags: 0
  m_CorrespondingSourceObject: {fileID: 0}
  m_PrefabInstance: {fileID: 0}
  m_PrefabAsset: {fileID: 0}
  serializedVersion: 6
  m_Component:
  - component: {fileID: 1906021390575360390}
  - component: {fileID: 1906021390575360386}
  - component: {fileID: 1906021390575360387}
  - component: {fileID: 1906021390575360385}
  m_Layer: 0
  m_Name: MovePoint
  m_TagString: Untagged
  m_Icon: {fileID: -964228994112308473, guid: 0000000000000000d000000000000000, type: 0}
  m_NavMeshLayer: 0
  m_StaticEditorFlags: 0
  m_IsActive: 1
--- !u!4 &1906021390575360390
Transform:
  m_ObjectHideFlags: 0
  m_CorrespondingSourceObject: {fileID: 0}
  m_PrefabInstance: {fileID: 0}
  m_PrefabAsset: {fileID: 0}
  m_GameObject: {fileID: 1906021390575360391}
  m_LocalRotation: {x: -0, y: -0, z: -0, w: 1}
  m_LocalPosition: {x: 92.9, y: 0.9, z: -169.64}
  m_LocalScale: {x: 1, y: 1, z: 1}
  m_ConstrainProportionsScale: 0
  m_Children: []
  m_Father: {fileID: 1906021390644267092}
  m_RootOrder: 6
  m_LocalEulerAnglesHint: {x: 0, y: 0, z: 0}
--- !u!33 &1906021390575360386
MeshFilter:
  m_ObjectHideFlags: 0
  m_CorrespondingSourceObject: {fileID: 0}
  m_PrefabInstance: {fileID: 0}
  m_PrefabAsset: {fileID: 0}
  m_GameObject: {fileID: 1906021390575360391}
  m_Mesh: {fileID: 10202, guid: 0000000000000000e000000000000000, type: 0}
--- !u!23 &1906021390575360387
MeshRenderer:
  m_ObjectHideFlags: 0
  m_CorrespondingSourceObject: {fileID: 0}
  m_PrefabInstance: {fileID: 0}
  m_PrefabAsset: {fileID: 0}
  m_GameObject: {fileID: 1906021390575360391}
  m_Enabled: 1
  m_CastShadows: 1
  m_ReceiveShadows: 1
  m_DynamicOccludee: 1
  m_StaticShadowCaster: 0
  m_MotionVectors: 1
  m_LightProbeUsage: 1
  m_ReflectionProbeUsage: 1
  m_RayTracingMode: 2
  m_RayTraceProcedural: 0
  m_RenderingLayerMask: 257
  m_RendererPriority: 0
  m_Materials:
  - {fileID: 2100000, guid: 73c176f402d2c2f4d929aa5da7585d17, type: 2}
  m_StaticBatchInfo:
    firstSubMesh: 0
    subMeshCount: 0
  m_StaticBatchRoot: {fileID: 0}
  m_ProbeAnchor: {fileID: 0}
  m_LightProbeVolumeOverride: {fileID: 0}
  m_ScaleInLightmap: 1
  m_ReceiveGI: 1
  m_PreserveUVs: 0
  m_IgnoreNormalsForChartDetection: 0
  m_ImportantGI: 0
  m_StitchLightmapSeams: 1
  m_SelectedEditorRenderState: 3
  m_MinimumChartSize: 4
  m_AutoUVMaxDistance: 0.5
  m_AutoUVMaxAngle: 89
  m_LightmapParameters: {fileID: 0}
  m_SortingLayerID: 0
  m_SortingLayer: 0
  m_SortingOrder: 0
  m_AdditionalVertexStreams: {fileID: 0}
--- !u!114 &1906021390575360385
MonoBehaviour:
  m_ObjectHideFlags: 0
  m_CorrespondingSourceObject: {fileID: 0}
  m_PrefabInstance: {fileID: 0}
  m_PrefabAsset: {fileID: 0}
  m_GameObject: {fileID: 1906021390575360391}
  m_Enabled: 1
  m_EditorHideFlags: 0
  m_Script: {fileID: 11500000, guid: 054e3406cc174aab9d25de92ac048cf7, type: 3}
  m_Name: 
  m_EditorClassIdentifier: 
--- !u!1 &1906021390644267093
GameObject:
  m_ObjectHideFlags: 0
  m_CorrespondingSourceObject: {fileID: 0}
  m_PrefabInstance: {fileID: 0}
  m_PrefabAsset: {fileID: 0}
  serializedVersion: 6
  m_Component:
  - component: {fileID: 1906021390644267092}
  m_Layer: 0
  m_Name: FarCrowd
  m_TagString: Untagged
  m_Icon: {fileID: 0}
  m_NavMeshLayer: 0
  m_StaticEditorFlags: 0
  m_IsActive: 1
--- !u!4 &1906021390644267092
Transform:
  m_ObjectHideFlags: 0
  m_CorrespondingSourceObject: {fileID: 0}
  m_PrefabInstance: {fileID: 0}
  m_PrefabAsset: {fileID: 0}
  m_GameObject: {fileID: 1906021390644267093}
  m_LocalRotation: {x: 0, y: 0, z: 0, w: 1}
  m_LocalPosition: {x: 0, y: 0, z: 0}
  m_LocalScale: {x: 1, y: 1, z: 1}
  m_ConstrainProportionsScale: 0
  m_Children:
  - {fileID: 5297486591624047186}
  - {fileID: 1809136379168378367}
  - {fileID: 1809136378989983779}
  - {fileID: 4248188916990171723}
  - {fileID: 5816536103204531550}
  - {fileID: 8098505035474157033}
  - {fileID: 1906021390575360390}
  - {fileID: 1906021391276251979}
  - {fileID: 1906021390398593056}
  - {fileID: 1906021390733399353}
  - {fileID: 1906021390113304040}
  - {fileID: 1906021391068560327}
  - {fileID: 1906021390136959895}
  m_Father: {fileID: 0}
  m_RootOrder: 0
  m_LocalEulerAnglesHint: {x: 0, y: 0, z: 0}
--- !u!1 &1906021390733399358
GameObject:
  m_ObjectHideFlags: 0
  m_CorrespondingSourceObject: {fileID: 0}
  m_PrefabInstance: {fileID: 0}
  m_PrefabAsset: {fileID: 0}
  serializedVersion: 6
  m_Component:
  - component: {fileID: 1906021390733399353}
  - component: {fileID: 1906021390733399354}
  - component: {fileID: 1906021390733399355}
  - component: {fileID: 1906021390733399352}
  m_Layer: 0
  m_Name: MovePoint (3)
  m_TagString: Untagged
  m_Icon: {fileID: -964228994112308473, guid: 0000000000000000d000000000000000, type: 0}
  m_NavMeshLayer: 0
  m_StaticEditorFlags: 0
  m_IsActive: 1
--- !u!4 &1906021390733399353
Transform:
  m_ObjectHideFlags: 0
  m_CorrespondingSourceObject: {fileID: 0}
  m_PrefabInstance: {fileID: 0}
  m_PrefabAsset: {fileID: 0}
  m_GameObject: {fileID: 1906021390733399358}
  m_LocalRotation: {x: -0, y: -0, z: -0, w: 1}
  m_LocalPosition: {x: 129.7, y: 0.9, z: -101.03}
  m_LocalScale: {x: 1, y: 1, z: 1}
  m_ConstrainProportionsScale: 0
  m_Children: []
  m_Father: {fileID: 1906021390644267092}
  m_RootOrder: 9
  m_LocalEulerAnglesHint: {x: 0, y: 0, z: 0}
--- !u!33 &1906021390733399354
MeshFilter:
  m_ObjectHideFlags: 0
  m_CorrespondingSourceObject: {fileID: 0}
  m_PrefabInstance: {fileID: 0}
  m_PrefabAsset: {fileID: 0}
  m_GameObject: {fileID: 1906021390733399358}
  m_Mesh: {fileID: 10202, guid: 0000000000000000e000000000000000, type: 0}
--- !u!23 &1906021390733399355
MeshRenderer:
  m_ObjectHideFlags: 0
  m_CorrespondingSourceObject: {fileID: 0}
  m_PrefabInstance: {fileID: 0}
  m_PrefabAsset: {fileID: 0}
  m_GameObject: {fileID: 1906021390733399358}
  m_Enabled: 1
  m_CastShadows: 1
  m_ReceiveShadows: 1
  m_DynamicOccludee: 1
  m_StaticShadowCaster: 0
  m_MotionVectors: 1
  m_LightProbeUsage: 1
  m_ReflectionProbeUsage: 1
  m_RayTracingMode: 2
  m_RayTraceProcedural: 0
  m_RenderingLayerMask: 257
  m_RendererPriority: 0
  m_Materials:
  - {fileID: 2100000, guid: 73c176f402d2c2f4d929aa5da7585d17, type: 2}
  m_StaticBatchInfo:
    firstSubMesh: 0
    subMeshCount: 0
  m_StaticBatchRoot: {fileID: 0}
  m_ProbeAnchor: {fileID: 0}
  m_LightProbeVolumeOverride: {fileID: 0}
  m_ScaleInLightmap: 1
  m_ReceiveGI: 1
  m_PreserveUVs: 0
  m_IgnoreNormalsForChartDetection: 0
  m_ImportantGI: 0
  m_StitchLightmapSeams: 1
  m_SelectedEditorRenderState: 3
  m_MinimumChartSize: 4
  m_AutoUVMaxDistance: 0.5
  m_AutoUVMaxAngle: 89
  m_LightmapParameters: {fileID: 0}
  m_SortingLayerID: 0
  m_SortingLayer: 0
  m_SortingOrder: 0
  m_AdditionalVertexStreams: {fileID: 0}
--- !u!114 &1906021390733399352
MonoBehaviour:
  m_ObjectHideFlags: 0
  m_CorrespondingSourceObject: {fileID: 0}
  m_PrefabInstance: {fileID: 0}
  m_PrefabAsset: {fileID: 0}
  m_GameObject: {fileID: 1906021390733399358}
  m_Enabled: 1
  m_EditorHideFlags: 0
  m_Script: {fileID: 11500000, guid: 054e3406cc174aab9d25de92ac048cf7, type: 3}
  m_Name: 
  m_EditorClassIdentifier: 
--- !u!1 &1906021391068560324
GameObject:
  m_ObjectHideFlags: 0
  m_CorrespondingSourceObject: {fileID: 0}
  m_PrefabInstance: {fileID: 0}
  m_PrefabAsset: {fileID: 0}
  serializedVersion: 6
  m_Component:
  - component: {fileID: 1906021391068560327}
  - component: {fileID: 1906021391068560320}
  - component: {fileID: 1906021391068560321}
  - component: {fileID: 1906021391068560326}
  m_Layer: 0
  m_Name: MovePoint (5)
  m_TagString: Untagged
  m_Icon: {fileID: -964228994112308473, guid: 0000000000000000d000000000000000, type: 0}
  m_NavMeshLayer: 0
  m_StaticEditorFlags: 0
  m_IsActive: 1
--- !u!4 &1906021391068560327
Transform:
  m_ObjectHideFlags: 0
  m_CorrespondingSourceObject: {fileID: 0}
  m_PrefabInstance: {fileID: 0}
  m_PrefabAsset: {fileID: 0}
  m_GameObject: {fileID: 1906021391068560324}
  m_LocalRotation: {x: -0, y: -0, z: -0, w: 1}
  m_LocalPosition: {x: 160, y: 0.9, z: -40.6}
  m_LocalScale: {x: 1, y: 1, z: 1}
  m_ConstrainProportionsScale: 0
  m_Children: []
  m_Father: {fileID: 1906021390644267092}
  m_RootOrder: 11
  m_LocalEulerAnglesHint: {x: 0, y: 0, z: 0}
--- !u!33 &1906021391068560320
MeshFilter:
  m_ObjectHideFlags: 0
  m_CorrespondingSourceObject: {fileID: 0}
  m_PrefabInstance: {fileID: 0}
  m_PrefabAsset: {fileID: 0}
  m_GameObject: {fileID: 1906021391068560324}
  m_Mesh: {fileID: 10202, guid: 0000000000000000e000000000000000, type: 0}
--- !u!23 &1906021391068560321
MeshRenderer:
  m_ObjectHideFlags: 0
  m_CorrespondingSourceObject: {fileID: 0}
  m_PrefabInstance: {fileID: 0}
  m_PrefabAsset: {fileID: 0}
  m_GameObject: {fileID: 1906021391068560324}
  m_Enabled: 1
  m_CastShadows: 1
  m_ReceiveShadows: 1
  m_DynamicOccludee: 1
  m_StaticShadowCaster: 0
  m_MotionVectors: 1
  m_LightProbeUsage: 1
  m_ReflectionProbeUsage: 1
  m_RayTracingMode: 2
  m_RayTraceProcedural: 0
  m_RenderingLayerMask: 257
  m_RendererPriority: 0
  m_Materials:
  - {fileID: 2100000, guid: 73c176f402d2c2f4d929aa5da7585d17, type: 2}
  m_StaticBatchInfo:
    firstSubMesh: 0
    subMeshCount: 0
  m_StaticBatchRoot: {fileID: 0}
  m_ProbeAnchor: {fileID: 0}
  m_LightProbeVolumeOverride: {fileID: 0}
  m_ScaleInLightmap: 1
  m_ReceiveGI: 1
  m_PreserveUVs: 0
  m_IgnoreNormalsForChartDetection: 0
  m_ImportantGI: 0
  m_StitchLightmapSeams: 1
  m_SelectedEditorRenderState: 3
  m_MinimumChartSize: 4
  m_AutoUVMaxDistance: 0.5
  m_AutoUVMaxAngle: 89
  m_LightmapParameters: {fileID: 0}
  m_SortingLayerID: 0
  m_SortingLayer: 0
  m_SortingOrder: 0
  m_AdditionalVertexStreams: {fileID: 0}
--- !u!114 &1906021391068560326
MonoBehaviour:
  m_ObjectHideFlags: 0
  m_CorrespondingSourceObject: {fileID: 0}
  m_PrefabInstance: {fileID: 0}
  m_PrefabAsset: {fileID: 0}
  m_GameObject: {fileID: 1906021391068560324}
  m_Enabled: 1
  m_EditorHideFlags: 0
  m_Script: {fileID: 11500000, guid: 054e3406cc174aab9d25de92ac048cf7, type: 3}
  m_Name: 
  m_EditorClassIdentifier: 
--- !u!1 &1906021391276251976
GameObject:
  m_ObjectHideFlags: 0
  m_CorrespondingSourceObject: {fileID: 0}
  m_PrefabInstance: {fileID: 0}
  m_PrefabAsset: {fileID: 0}
  serializedVersion: 6
  m_Component:
  - component: {fileID: 1906021391276251979}
  - component: {fileID: 1906021391276251972}
  - component: {fileID: 1906021391276251973}
  - component: {fileID: 1906021391276251978}
  m_Layer: 0
  m_Name: MovePoint (1)
  m_TagString: Untagged
  m_Icon: {fileID: -964228994112308473, guid: 0000000000000000d000000000000000, type: 0}
  m_NavMeshLayer: 0
  m_StaticEditorFlags: 0
  m_IsActive: 1
--- !u!4 &1906021391276251979
Transform:
  m_ObjectHideFlags: 0
  m_CorrespondingSourceObject: {fileID: 0}
  m_PrefabInstance: {fileID: 0}
  m_PrefabAsset: {fileID: 0}
  m_GameObject: {fileID: 1906021391276251976}
  m_LocalRotation: {x: -0, y: -0, z: -0, w: 1}
  m_LocalPosition: {x: 73.93, y: 0.9, z: -169.64}
  m_LocalScale: {x: 1, y: 1, z: 1}
  m_ConstrainProportionsScale: 0
  m_Children: []
  m_Father: {fileID: 1906021390644267092}
  m_RootOrder: 7
  m_LocalEulerAnglesHint: {x: 0, y: 0, z: 0}
--- !u!33 &1906021391276251972
MeshFilter:
  m_ObjectHideFlags: 0
  m_CorrespondingSourceObject: {fileID: 0}
  m_PrefabInstance: {fileID: 0}
  m_PrefabAsset: {fileID: 0}
  m_GameObject: {fileID: 1906021391276251976}
  m_Mesh: {fileID: 10202, guid: 0000000000000000e000000000000000, type: 0}
--- !u!23 &1906021391276251973
MeshRenderer:
  m_ObjectHideFlags: 0
  m_CorrespondingSourceObject: {fileID: 0}
  m_PrefabInstance: {fileID: 0}
  m_PrefabAsset: {fileID: 0}
  m_GameObject: {fileID: 1906021391276251976}
  m_Enabled: 1
  m_CastShadows: 1
  m_ReceiveShadows: 1
  m_DynamicOccludee: 1
  m_StaticShadowCaster: 0
  m_MotionVectors: 1
  m_LightProbeUsage: 1
  m_ReflectionProbeUsage: 1
  m_RayTracingMode: 2
  m_RayTraceProcedural: 0
  m_RenderingLayerMask: 257
  m_RendererPriority: 0
  m_Materials:
  - {fileID: 2100000, guid: 73c176f402d2c2f4d929aa5da7585d17, type: 2}
  m_StaticBatchInfo:
    firstSubMesh: 0
    subMeshCount: 0
  m_StaticBatchRoot: {fileID: 0}
  m_ProbeAnchor: {fileID: 0}
  m_LightProbeVolumeOverride: {fileID: 0}
  m_ScaleInLightmap: 1
  m_ReceiveGI: 1
  m_PreserveUVs: 0
  m_IgnoreNormalsForChartDetection: 0
  m_ImportantGI: 0
  m_StitchLightmapSeams: 1
  m_SelectedEditorRenderState: 3
  m_MinimumChartSize: 4
  m_AutoUVMaxDistance: 0.5
  m_AutoUVMaxAngle: 89
  m_LightmapParameters: {fileID: 0}
  m_SortingLayerID: 0
  m_SortingLayer: 0
  m_SortingOrder: 0
  m_AdditionalVertexStreams: {fileID: 0}
--- !u!114 &1906021391276251978
MonoBehaviour:
  m_ObjectHideFlags: 0
  m_CorrespondingSourceObject: {fileID: 0}
  m_PrefabInstance: {fileID: 0}
  m_PrefabAsset: {fileID: 0}
  m_GameObject: {fileID: 1906021391276251976}
  m_Enabled: 1
  m_EditorHideFlags: 0
  m_Script: {fileID: 11500000, guid: 054e3406cc174aab9d25de92ac048cf7, type: 3}
  m_Name: 
  m_EditorClassIdentifier: 
--- !u!1001 &1906021391166751651
PrefabInstance:
  m_ObjectHideFlags: 0
  serializedVersion: 2
  m_Modification:
    m_TransformParent: {fileID: 1906021390644267092}
    m_Modifications:
    - target: {fileID: 245687697533139840, guid: 6757d078f37b316419e6c1385e6faccf, type: 3}
      propertyPath: m_RootOrder
      value: 2
      objectReference: {fileID: 0}
    - target: {fileID: 245687697533139840, guid: 6757d078f37b316419e6c1385e6faccf, type: 3}
      propertyPath: m_LocalPosition.x
      value: 73
      objectReference: {fileID: 0}
    - target: {fileID: 245687697533139840, guid: 6757d078f37b316419e6c1385e6faccf, type: 3}
      propertyPath: m_LocalPosition.y
      value: 0.51
      objectReference: {fileID: 0}
    - target: {fileID: 245687697533139840, guid: 6757d078f37b316419e6c1385e6faccf, type: 3}
      propertyPath: m_LocalPosition.z
      value: -151.1
      objectReference: {fileID: 0}
    - target: {fileID: 245687697533139840, guid: 6757d078f37b316419e6c1385e6faccf, type: 3}
      propertyPath: m_LocalRotation.w
      value: 1
      objectReference: {fileID: 0}
    - target: {fileID: 245687697533139840, guid: 6757d078f37b316419e6c1385e6faccf, type: 3}
      propertyPath: m_LocalRotation.x
      value: 0
      objectReference: {fileID: 0}
    - target: {fileID: 245687697533139840, guid: 6757d078f37b316419e6c1385e6faccf, type: 3}
      propertyPath: m_LocalRotation.y
      value: 0
      objectReference: {fileID: 0}
    - target: {fileID: 245687697533139840, guid: 6757d078f37b316419e6c1385e6faccf, type: 3}
      propertyPath: m_LocalRotation.z
      value: 0
      objectReference: {fileID: 0}
    - target: {fileID: 245687697533139840, guid: 6757d078f37b316419e6c1385e6faccf, type: 3}
      propertyPath: m_LocalEulerAnglesHint.x
      value: 0
      objectReference: {fileID: 0}
    - target: {fileID: 245687697533139840, guid: 6757d078f37b316419e6c1385e6faccf, type: 3}
      propertyPath: m_LocalEulerAnglesHint.y
      value: 0
      objectReference: {fileID: 0}
    - target: {fileID: 245687697533139840, guid: 6757d078f37b316419e6c1385e6faccf, type: 3}
      propertyPath: m_LocalEulerAnglesHint.z
      value: 0
      objectReference: {fileID: 0}
    - target: {fileID: 586324489832571194, guid: 6757d078f37b316419e6c1385e6faccf, type: 3}
      propertyPath: m_Name
      value: Woman_2 (1)
      objectReference: {fileID: 0}
    m_RemovedComponents:
    - {fileID: 925357813, guid: 6757d078f37b316419e6c1385e6faccf, type: 3}
    - {fileID: 925357814, guid: 6757d078f37b316419e6c1385e6faccf, type: 3}
  m_SourcePrefab: {fileID: 100100000, guid: 6757d078f37b316419e6c1385e6faccf, type: 3}
--- !u!1 &1319703533068444313 stripped
GameObject:
  m_CorrespondingSourceObject: {fileID: 586324489832571194, guid: 6757d078f37b316419e6c1385e6faccf, type: 3}
  m_PrefabInstance: {fileID: 1906021391166751651}
  m_PrefabAsset: {fileID: 0}
--- !u!114 &1906021391166751583
MonoBehaviour:
  m_ObjectHideFlags: 0
  m_CorrespondingSourceObject: {fileID: 0}
  m_PrefabInstance: {fileID: 0}
  m_PrefabAsset: {fileID: 0}
  m_GameObject: {fileID: 1319703533068444313}
  m_Enabled: 1
  m_EditorHideFlags: 0
  m_Script: {fileID: 11500000, guid: 8134551e62c5426ea6d88247441369dc, type: 3}
  m_Name: 
  m_EditorClassIdentifier: 
  _bot:
    _navMeshAgent: {fileID: 1906021391487833435}
    _transform: {fileID: 1809136378989983779}
    _points:
    - {fileID: 1906021390398593056}
    - {fileID: 1906021390733399353}
    - {fileID: 1906021390113304040}
    - {fileID: 1906021391068560327}
    - {fileID: 1906021390136959895}
    - {fileID: 1906021390575360390}
    - {fileID: 1906021391276251979}
    _standAtPointTime: 0
    _stoppingDistanceThreshold: 1
    _targetDetectDistance: 0
    _targetDetectAngle: 0
    _targetFindSpeed: 0
    _observeTargetProgress: 0
--- !u!4 &1809136378989983779 stripped
Transform:
  m_CorrespondingSourceObject: {fileID: 245687697533139840, guid: 6757d078f37b316419e6c1385e6faccf, type: 3}
  m_PrefabInstance: {fileID: 1906021391166751651}
  m_PrefabAsset: {fileID: 0}
--- !u!195 &1906021391487833435 stripped
NavMeshAgent:
  m_CorrespondingSourceObject: {fileID: 925357816, guid: 6757d078f37b316419e6c1385e6faccf, type: 3}
  m_PrefabInstance: {fileID: 1906021391166751651}
  m_PrefabAsset: {fileID: 0}
--- !u!1001 &1906021391383410303
PrefabInstance:
  m_ObjectHideFlags: 0
  serializedVersion: 2
  m_Modification:
    m_TransformParent: {fileID: 1906021390644267092}
    m_Modifications:
    - target: {fileID: 245687697533139840, guid: 6757d078f37b316419e6c1385e6faccf, type: 3}
      propertyPath: m_RootOrder
      value: 1
      objectReference: {fileID: 0}
    - target: {fileID: 245687697533139840, guid: 6757d078f37b316419e6c1385e6faccf, type: 3}
      propertyPath: m_LocalPosition.x
      value: 88.1
      objectReference: {fileID: 0}
    - target: {fileID: 245687697533139840, guid: 6757d078f37b316419e6c1385e6faccf, type: 3}
      propertyPath: m_LocalPosition.y
      value: 0.51
      objectReference: {fileID: 0}
    - target: {fileID: 245687697533139840, guid: 6757d078f37b316419e6c1385e6faccf, type: 3}
      propertyPath: m_LocalPosition.z
      value: -171.7
      objectReference: {fileID: 0}
    - target: {fileID: 245687697533139840, guid: 6757d078f37b316419e6c1385e6faccf, type: 3}
      propertyPath: m_LocalRotation.w
      value: 1
      objectReference: {fileID: 0}
    - target: {fileID: 245687697533139840, guid: 6757d078f37b316419e6c1385e6faccf, type: 3}
      propertyPath: m_LocalRotation.x
      value: 0
      objectReference: {fileID: 0}
    - target: {fileID: 245687697533139840, guid: 6757d078f37b316419e6c1385e6faccf, type: 3}
      propertyPath: m_LocalRotation.y
      value: 0
      objectReference: {fileID: 0}
    - target: {fileID: 245687697533139840, guid: 6757d078f37b316419e6c1385e6faccf, type: 3}
      propertyPath: m_LocalRotation.z
      value: 0
      objectReference: {fileID: 0}
    - target: {fileID: 245687697533139840, guid: 6757d078f37b316419e6c1385e6faccf, type: 3}
      propertyPath: m_LocalEulerAnglesHint.x
      value: 0
      objectReference: {fileID: 0}
    - target: {fileID: 245687697533139840, guid: 6757d078f37b316419e6c1385e6faccf, type: 3}
      propertyPath: m_LocalEulerAnglesHint.y
      value: 0
      objectReference: {fileID: 0}
    - target: {fileID: 245687697533139840, guid: 6757d078f37b316419e6c1385e6faccf, type: 3}
      propertyPath: m_LocalEulerAnglesHint.z
      value: 0
      objectReference: {fileID: 0}
    - target: {fileID: 586324489832571194, guid: 6757d078f37b316419e6c1385e6faccf, type: 3}
      propertyPath: m_Name
      value: Woman_2
      objectReference: {fileID: 0}
    m_RemovedComponents:
    - {fileID: 925357813, guid: 6757d078f37b316419e6c1385e6faccf, type: 3}
    - {fileID: 925357814, guid: 6757d078f37b316419e6c1385e6faccf, type: 3}
  m_SourcePrefab: {fileID: 100100000, guid: 6757d078f37b316419e6c1385e6faccf, type: 3}
--- !u!1 &1319703532980475717 stripped
GameObject:
  m_CorrespondingSourceObject: {fileID: 586324489832571194, guid: 6757d078f37b316419e6c1385e6faccf, type: 3}
  m_PrefabInstance: {fileID: 1906021391383410303}
  m_PrefabAsset: {fileID: 0}
--- !u!114 &1906021391383410299
MonoBehaviour:
  m_ObjectHideFlags: 0
  m_CorrespondingSourceObject: {fileID: 0}
  m_PrefabInstance: {fileID: 0}
  m_PrefabAsset: {fileID: 0}
  m_GameObject: {fileID: 1319703532980475717}
  m_Enabled: 1
  m_EditorHideFlags: 0
  m_Script: {fileID: 11500000, guid: 8134551e62c5426ea6d88247441369dc, type: 3}
  m_Name: 
  m_EditorClassIdentifier: 
  _bot:
    _navMeshAgent: {fileID: 1906021391532286087}
    _transform: {fileID: 1809136379168378367}
    _points:
    - {fileID: 1906021391276251979}
    - {fileID: 1906021390398593056}
    - {fileID: 1906021390733399353}
    - {fileID: 1906021390113304040}
    - {fileID: 1906021391068560327}
    - {fileID: 1906021390136959895}
    - {fileID: 1906021390575360390}
    _standAtPointTime: 0
    _stoppingDistanceThreshold: 1
    _targetDetectDistance: 0
    _targetDetectAngle: 0
    _targetFindSpeed: 0
    _observeTargetProgress: 0
--- !u!4 &1809136379168378367 stripped
Transform:
  m_CorrespondingSourceObject: {fileID: 245687697533139840, guid: 6757d078f37b316419e6c1385e6faccf, type: 3}
  m_PrefabInstance: {fileID: 1906021391383410303}
  m_PrefabAsset: {fileID: 0}
--- !u!195 &1906021391532286087 stripped
NavMeshAgent:
  m_CorrespondingSourceObject: {fileID: 925357816, guid: 6757d078f37b316419e6c1385e6faccf, type: 3}
  m_PrefabInstance: {fileID: 1906021391383410303}
  m_PrefabAsset: {fileID: 0}
--- !u!1001 &4335014620752594175
PrefabInstance:
  m_ObjectHideFlags: 0
  serializedVersion: 2
  m_Modification:
    m_TransformParent: {fileID: 1906021390644267092}
    m_Modifications:
    - target: {fileID: 5539614582452426185, guid: e124975f9fa84a14cac315bf8b8c70ff, type: 3}
      propertyPath: _bot._points.Array.size
      value: 7
      objectReference: {fileID: 0}
    - target: {fileID: 5539614582452426185, guid: e124975f9fa84a14cac315bf8b8c70ff, type: 3}
      propertyPath: _bot._points.Array.data[0]
      value: 
      objectReference: {fileID: 1906021390398593056}
    - target: {fileID: 5539614582452426185, guid: e124975f9fa84a14cac315bf8b8c70ff, type: 3}
      propertyPath: _bot._points.Array.data[1]
      value: 
      objectReference: {fileID: 1906021391276251979}
    - target: {fileID: 5539614582452426185, guid: e124975f9fa84a14cac315bf8b8c70ff, type: 3}
      propertyPath: _bot._points.Array.data[2]
      value: 
      objectReference: {fileID: 1906021390575360390}
    - target: {fileID: 5539614582452426185, guid: e124975f9fa84a14cac315bf8b8c70ff, type: 3}
      propertyPath: _bot._points.Array.data[3]
      value: 
      objectReference: {fileID: 1906021390136959895}
    - target: {fileID: 5539614582452426185, guid: e124975f9fa84a14cac315bf8b8c70ff, type: 3}
      propertyPath: _bot._points.Array.data[4]
      value: 
      objectReference: {fileID: 1906021391068560327}
    - target: {fileID: 5539614582452426185, guid: e124975f9fa84a14cac315bf8b8c70ff, type: 3}
      propertyPath: _bot._points.Array.data[5]
      value: 
      objectReference: {fileID: 1906021390113304040}
    - target: {fileID: 5539614582452426185, guid: e124975f9fa84a14cac315bf8b8c70ff, type: 3}
      propertyPath: _bot._points.Array.data[6]
      value: 
      objectReference: {fileID: 1906021390733399353}
    - target: {fileID: 5539614582452426185, guid: e124975f9fa84a14cac315bf8b8c70ff, type: 3}
      propertyPath: _bot._points.Array.data[7]
      value: 
      objectReference: {fileID: 0}
    - target: {fileID: 5539614582452426185, guid: e124975f9fa84a14cac315bf8b8c70ff, type: 3}
      propertyPath: _bot._stoppingDistanceThreshold
      value: 0.9
      objectReference: {fileID: 0}
    - target: {fileID: 8479542699109658285, guid: e124975f9fa84a14cac315bf8b8c70ff, type: 3}
      propertyPath: m_RootOrder
      value: 0
      objectReference: {fileID: 0}
    - target: {fileID: 8479542699109658285, guid: e124975f9fa84a14cac315bf8b8c70ff, type: 3}
      propertyPath: m_LocalPosition.x
      value: 104
      objectReference: {fileID: 0}
    - target: {fileID: 8479542699109658285, guid: e124975f9fa84a14cac315bf8b8c70ff, type: 3}
      propertyPath: m_LocalPosition.y
      value: 0.63199997
      objectReference: {fileID: 0}
    - target: {fileID: 8479542699109658285, guid: e124975f9fa84a14cac315bf8b8c70ff, type: 3}
      propertyPath: m_LocalPosition.z
      value: -101.8
      objectReference: {fileID: 0}
    - target: {fileID: 8479542699109658285, guid: e124975f9fa84a14cac315bf8b8c70ff, type: 3}
      propertyPath: m_LocalRotation.w
      value: 1
      objectReference: {fileID: 0}
    - target: {fileID: 8479542699109658285, guid: e124975f9fa84a14cac315bf8b8c70ff, type: 3}
      propertyPath: m_LocalRotation.x
      value: -0
      objectReference: {fileID: 0}
    - target: {fileID: 8479542699109658285, guid: e124975f9fa84a14cac315bf8b8c70ff, type: 3}
      propertyPath: m_LocalRotation.y
      value: -0
      objectReference: {fileID: 0}
    - target: {fileID: 8479542699109658285, guid: e124975f9fa84a14cac315bf8b8c70ff, type: 3}
      propertyPath: m_LocalRotation.z
      value: -0
      objectReference: {fileID: 0}
    - target: {fileID: 8479542699109658285, guid: e124975f9fa84a14cac315bf8b8c70ff, type: 3}
      propertyPath: m_LocalEulerAnglesHint.x
      value: 0
      objectReference: {fileID: 0}
    - target: {fileID: 8479542699109658285, guid: e124975f9fa84a14cac315bf8b8c70ff, type: 3}
      propertyPath: m_LocalEulerAnglesHint.y
      value: 0
      objectReference: {fileID: 0}
    - target: {fileID: 8479542699109658285, guid: e124975f9fa84a14cac315bf8b8c70ff, type: 3}
      propertyPath: m_LocalEulerAnglesHint.z
      value: 0
      objectReference: {fileID: 0}
    - target: {fileID: 9144193473417606167, guid: e124975f9fa84a14cac315bf8b8c70ff, type: 3}
      propertyPath: m_Name
      value: Woman_3
      objectReference: {fileID: 0}
    m_RemovedComponents: []
  m_SourcePrefab: {fileID: 100100000, guid: e124975f9fa84a14cac315bf8b8c70ff, type: 3}
--- !u!4 &5297486591624047186 stripped
Transform:
  m_CorrespondingSourceObject: {fileID: 8479542699109658285, guid: e124975f9fa84a14cac315bf8b8c70ff, type: 3}
  m_PrefabInstance: {fileID: 4335014620752594175}
  m_PrefabAsset: {fileID: 0}
--- !u!1001 &5947004058813137157
PrefabInstance:
  m_ObjectHideFlags: 0
  serializedVersion: 2
  m_Modification:
    m_TransformParent: {fileID: 1906021390644267092}
    m_Modifications:
    - target: {fileID: 5111523788109906696, guid: fffece7aa69dddb4c9ddffeec5e420bc, type: 3}
      propertyPath: _bot._points.Array.size
      value: 7
      objectReference: {fileID: 0}
    - target: {fileID: 5111523788109906696, guid: fffece7aa69dddb4c9ddffeec5e420bc, type: 3}
      propertyPath: _bot._points.Array.data[0]
      value: 
      objectReference: {fileID: 1906021390398593056}
    - target: {fileID: 5111523788109906696, guid: fffece7aa69dddb4c9ddffeec5e420bc, type: 3}
      propertyPath: _bot._points.Array.data[1]
      value: 
      objectReference: {fileID: 1906021390733399353}
    - target: {fileID: 5111523788109906696, guid: fffece7aa69dddb4c9ddffeec5e420bc, type: 3}
      propertyPath: _bot._points.Array.data[2]
      value: 
      objectReference: {fileID: 1906021390113304040}
    - target: {fileID: 5111523788109906696, guid: fffece7aa69dddb4c9ddffeec5e420bc, type: 3}
      propertyPath: _bot._points.Array.data[3]
      value: 
      objectReference: {fileID: 1906021391068560327}
    - target: {fileID: 5111523788109906696, guid: fffece7aa69dddb4c9ddffeec5e420bc, type: 3}
      propertyPath: _bot._points.Array.data[4]
      value: 
      objectReference: {fileID: 1906021390136959895}
    - target: {fileID: 5111523788109906696, guid: fffece7aa69dddb4c9ddffeec5e420bc, type: 3}
      propertyPath: _bot._points.Array.data[5]
      value: 
      objectReference: {fileID: 1906021390575360390}
    - target: {fileID: 5111523788109906696, guid: fffece7aa69dddb4c9ddffeec5e420bc, type: 3}
      propertyPath: _bot._points.Array.data[6]
      value: 
      objectReference: {fileID: 1906021391276251979}
    - target: {fileID: 7149263531456463348, guid: fffece7aa69dddb4c9ddffeec5e420bc, type: 3}
      propertyPath: m_Name
      value: Woman_1
      objectReference: {fileID: 0}
    - target: {fileID: 7529061869587159886, guid: fffece7aa69dddb4c9ddffeec5e420bc, type: 3}
      propertyPath: m_RootOrder
      value: 3
      objectReference: {fileID: 0}
    - target: {fileID: 7529061869587159886, guid: fffece7aa69dddb4c9ddffeec5e420bc, type: 3}
      propertyPath: m_LocalPosition.x
      value: 73.6
      objectReference: {fileID: 0}
    - target: {fileID: 7529061869587159886, guid: fffece7aa69dddb4c9ddffeec5e420bc, type: 3}
      propertyPath: m_LocalPosition.y
      value: 0.524
      objectReference: {fileID: 0}
    - target: {fileID: 7529061869587159886, guid: fffece7aa69dddb4c9ddffeec5e420bc, type: 3}
      propertyPath: m_LocalPosition.z
      value: -118.6
      objectReference: {fileID: 0}
    - target: {fileID: 7529061869587159886, guid: fffece7aa69dddb4c9ddffeec5e420bc, type: 3}
      propertyPath: m_LocalRotation.w
      value: 1
      objectReference: {fileID: 0}
    - target: {fileID: 7529061869587159886, guid: fffece7aa69dddb4c9ddffeec5e420bc, type: 3}
      propertyPath: m_LocalRotation.x
      value: 0
      objectReference: {fileID: 0}
    - target: {fileID: 7529061869587159886, guid: fffece7aa69dddb4c9ddffeec5e420bc, type: 3}
      propertyPath: m_LocalRotation.y
      value: 0
      objectReference: {fileID: 0}
    - target: {fileID: 7529061869587159886, guid: fffece7aa69dddb4c9ddffeec5e420bc, type: 3}
      propertyPath: m_LocalRotation.z
      value: 0
      objectReference: {fileID: 0}
    - target: {fileID: 7529061869587159886, guid: fffece7aa69dddb4c9ddffeec5e420bc, type: 3}
      propertyPath: m_LocalEulerAnglesHint.x
      value: 0
      objectReference: {fileID: 0}
    - target: {fileID: 7529061869587159886, guid: fffece7aa69dddb4c9ddffeec5e420bc, type: 3}
      propertyPath: m_LocalEulerAnglesHint.y
      value: 0
      objectReference: {fileID: 0}
    - target: {fileID: 7529061869587159886, guid: fffece7aa69dddb4c9ddffeec5e420bc, type: 3}
      propertyPath: m_LocalEulerAnglesHint.z
      value: 0
      objectReference: {fileID: 0}
    m_RemovedComponents: []
  m_SourcePrefab: {fileID: 100100000, guid: fffece7aa69dddb4c9ddffeec5e420bc, type: 3}
--- !u!4 &4248188916990171723 stripped
Transform:
  m_CorrespondingSourceObject: {fileID: 7529061869587159886, guid: fffece7aa69dddb4c9ddffeec5e420bc, type: 3}
  m_PrefabInstance: {fileID: 5947004058813137157}
  m_PrefabAsset: {fileID: 0}
--- !u!1001 &7923670276243335288
PrefabInstance:
  m_ObjectHideFlags: 0
  serializedVersion: 2
  m_Modification:
    m_TransformParent: {fileID: 1906021390644267092}
    m_Modifications:
    - target: {fileID: 3892557355875032988, guid: 707aee774cd2b29489aba02bd6fae394, type: 3}
      propertyPath: m_Name
      value: Man_1
      objectReference: {fileID: 0}
    - target: {fileID: 4417737554157339942, guid: 707aee774cd2b29489aba02bd6fae394, type: 3}
      propertyPath: m_RootOrder
      value: 4
      objectReference: {fileID: 0}
    - target: {fileID: 4417737554157339942, guid: 707aee774cd2b29489aba02bd6fae394, type: 3}
      propertyPath: m_LocalPosition.x
      value: 129.5
      objectReference: {fileID: 0}
    - target: {fileID: 4417737554157339942, guid: 707aee774cd2b29489aba02bd6fae394, type: 3}
      propertyPath: m_LocalPosition.y
      value: 0.5
      objectReference: {fileID: 0}
    - target: {fileID: 4417737554157339942, guid: 707aee774cd2b29489aba02bd6fae394, type: 3}
      propertyPath: m_LocalPosition.z
      value: -86.5
      objectReference: {fileID: 0}
    - target: {fileID: 4417737554157339942, guid: 707aee774cd2b29489aba02bd6fae394, type: 3}
      propertyPath: m_LocalRotation.w
      value: 1
      objectReference: {fileID: 0}
    - target: {fileID: 4417737554157339942, guid: 707aee774cd2b29489aba02bd6fae394, type: 3}
      propertyPath: m_LocalRotation.x
      value: 0
      objectReference: {fileID: 0}
    - target: {fileID: 4417737554157339942, guid: 707aee774cd2b29489aba02bd6fae394, type: 3}
      propertyPath: m_LocalRotation.y
      value: 0
      objectReference: {fileID: 0}
    - target: {fileID: 4417737554157339942, guid: 707aee774cd2b29489aba02bd6fae394, type: 3}
      propertyPath: m_LocalRotation.z
      value: 0
      objectReference: {fileID: 0}
    - target: {fileID: 4417737554157339942, guid: 707aee774cd2b29489aba02bd6fae394, type: 3}
      propertyPath: m_LocalEulerAnglesHint.x
      value: 0
      objectReference: {fileID: 0}
    - target: {fileID: 4417737554157339942, guid: 707aee774cd2b29489aba02bd6fae394, type: 3}
      propertyPath: m_LocalEulerAnglesHint.y
      value: 0
      objectReference: {fileID: 0}
    - target: {fileID: 4417737554157339942, guid: 707aee774cd2b29489aba02bd6fae394, type: 3}
      propertyPath: m_LocalEulerAnglesHint.z
      value: 0
      objectReference: {fileID: 0}
    - target: {fileID: 6563246929062821290, guid: 707aee774cd2b29489aba02bd6fae394, type: 3}
      propertyPath: _bot._points.Array.size
      value: 7
      objectReference: {fileID: 0}
    - target: {fileID: 6563246929062821290, guid: 707aee774cd2b29489aba02bd6fae394, type: 3}
      propertyPath: _bot._points.Array.data[0]
      value: 
      objectReference: {fileID: 1906021390733399353}
    - target: {fileID: 6563246929062821290, guid: 707aee774cd2b29489aba02bd6fae394, type: 3}
      propertyPath: _bot._points.Array.data[1]
      value: 
      objectReference: {fileID: 1906021390398593056}
    - target: {fileID: 6563246929062821290, guid: 707aee774cd2b29489aba02bd6fae394, type: 3}
      propertyPath: _bot._points.Array.data[2]
      value: 
      objectReference: {fileID: 1906021391276251979}
    - target: {fileID: 6563246929062821290, guid: 707aee774cd2b29489aba02bd6fae394, type: 3}
      propertyPath: _bot._points.Array.data[3]
      value: 
      objectReference: {fileID: 1906021390575360390}
    - target: {fileID: 6563246929062821290, guid: 707aee774cd2b29489aba02bd6fae394, type: 3}
      propertyPath: _bot._points.Array.data[4]
      value: 
      objectReference: {fileID: 1906021390136959895}
    - target: {fileID: 6563246929062821290, guid: 707aee774cd2b29489aba02bd6fae394, type: 3}
      propertyPath: _bot._points.Array.data[5]
      value: 
      objectReference: {fileID: 1906021391068560327}
    - target: {fileID: 6563246929062821290, guid: 707aee774cd2b29489aba02bd6fae394, type: 3}
      propertyPath: _bot._points.Array.data[6]
      value: 
      objectReference: {fileID: 1906021390113304040}
    - target: {fileID: 6563246929062821290, guid: 707aee774cd2b29489aba02bd6fae394, type: 3}
      propertyPath: _bot._points.Array.data[7]
      value: 
      objectReference: {fileID: 0}
    - target: {fileID: 6563246929062821290, guid: 707aee774cd2b29489aba02bd6fae394, type: 3}
      propertyPath: _bot._points.Array.data[8]
      value: 
      objectReference: {fileID: 0}
    - target: {fileID: 6563246929062821290, guid: 707aee774cd2b29489aba02bd6fae394, type: 3}
      propertyPath: _bot._points.Array.data[9]
      value: 
      objectReference: {fileID: 0}
    - target: {fileID: 6563246929062821290, guid: 707aee774cd2b29489aba02bd6fae394, type: 3}
      propertyPath: _bot._points.Array.data[10]
      value: 
      objectReference: {fileID: 0}
    m_RemovedComponents: []
  m_SourcePrefab: {fileID: 100100000, guid: 707aee774cd2b29489aba02bd6fae394, type: 3}
--- !u!4 &5816536103204531550 stripped
Transform:
  m_CorrespondingSourceObject: {fileID: 4417737554157339942, guid: 707aee774cd2b29489aba02bd6fae394, type: 3}
  m_PrefabInstance: {fileID: 7923670276243335288}
  m_PrefabAsset: {fileID: 0}
--- !u!1001 &8445613325980274268
PrefabInstance:
  m_ObjectHideFlags: 0
  serializedVersion: 2
  m_Modification:
    m_TransformParent: {fileID: 1906021390644267092}
    m_Modifications:
    - target: {fileID: 384903830983816117, guid: c9e0f2696b97c2749b4eba7e0d68907c, type: 3}
      propertyPath: m_RootOrder
      value: 5
      objectReference: {fileID: 0}
    - target: {fileID: 384903830983816117, guid: c9e0f2696b97c2749b4eba7e0d68907c, type: 3}
      propertyPath: m_LocalPosition.x
      value: 165.4
      objectReference: {fileID: 0}
    - target: {fileID: 384903830983816117, guid: c9e0f2696b97c2749b4eba7e0d68907c, type: 3}
      propertyPath: m_LocalPosition.y
      value: 0.5
      objectReference: {fileID: 0}
    - target: {fileID: 384903830983816117, guid: c9e0f2696b97c2749b4eba7e0d68907c, type: 3}
      propertyPath: m_LocalPosition.z
      value: -42.4
      objectReference: {fileID: 0}
    - target: {fileID: 384903830983816117, guid: c9e0f2696b97c2749b4eba7e0d68907c, type: 3}
      propertyPath: m_LocalRotation.w
      value: 1
      objectReference: {fileID: 0}
    - target: {fileID: 384903830983816117, guid: c9e0f2696b97c2749b4eba7e0d68907c, type: 3}
      propertyPath: m_LocalRotation.x
      value: 0
      objectReference: {fileID: 0}
    - target: {fileID: 384903830983816117, guid: c9e0f2696b97c2749b4eba7e0d68907c, type: 3}
      propertyPath: m_LocalRotation.y
      value: 0
      objectReference: {fileID: 0}
    - target: {fileID: 384903830983816117, guid: c9e0f2696b97c2749b4eba7e0d68907c, type: 3}
      propertyPath: m_LocalRotation.z
      value: 0
      objectReference: {fileID: 0}
    - target: {fileID: 384903830983816117, guid: c9e0f2696b97c2749b4eba7e0d68907c, type: 3}
      propertyPath: m_LocalEulerAnglesHint.x
      value: 0
      objectReference: {fileID: 0}
    - target: {fileID: 384903830983816117, guid: c9e0f2696b97c2749b4eba7e0d68907c, type: 3}
      propertyPath: m_LocalEulerAnglesHint.y
      value: 0
      objectReference: {fileID: 0}
    - target: {fileID: 384903830983816117, guid: c9e0f2696b97c2749b4eba7e0d68907c, type: 3}
      propertyPath: m_LocalEulerAnglesHint.z
      value: 0
      objectReference: {fileID: 0}
    - target: {fileID: 1016867189212997903, guid: c9e0f2696b97c2749b4eba7e0d68907c, type: 3}
      propertyPath: m_Name
      value: Man_2
      objectReference: {fileID: 0}
    - target: {fileID: 3054251854047567383, guid: c9e0f2696b97c2749b4eba7e0d68907c, type: 3}
      propertyPath: _bot._points.Array.size
      value: 7
      objectReference: {fileID: 0}
    - target: {fileID: 3054251854047567383, guid: c9e0f2696b97c2749b4eba7e0d68907c, type: 3}
      propertyPath: _bot._points.Array.data[0]
      value: 
      objectReference: {fileID: 1906021391068560327}
    - target: {fileID: 3054251854047567383, guid: c9e0f2696b97c2749b4eba7e0d68907c, type: 3}
      propertyPath: _bot._points.Array.data[1]
      value: 
      objectReference: {fileID: 1906021390113304040}
    - target: {fileID: 3054251854047567383, guid: c9e0f2696b97c2749b4eba7e0d68907c, type: 3}
      propertyPath: _bot._points.Array.data[2]
      value: 
      objectReference: {fileID: 1906021390733399353}
    - target: {fileID: 3054251854047567383, guid: c9e0f2696b97c2749b4eba7e0d68907c, type: 3}
      propertyPath: _bot._points.Array.data[3]
      value: 
      objectReference: {fileID: 1906021390398593056}
    - target: {fileID: 3054251854047567383, guid: c9e0f2696b97c2749b4eba7e0d68907c, type: 3}
      propertyPath: _bot._points.Array.data[4]
      value: 
      objectReference: {fileID: 1906021391276251979}
    - target: {fileID: 3054251854047567383, guid: c9e0f2696b97c2749b4eba7e0d68907c, type: 3}
      propertyPath: _bot._points.Array.data[5]
      value: 
      objectReference: {fileID: 1906021390575360390}
    - target: {fileID: 3054251854047567383, guid: c9e0f2696b97c2749b4eba7e0d68907c, type: 3}
      propertyPath: _bot._points.Array.data[6]
      value: 
      objectReference: {fileID: 1906021390136959895}
    - target: {fileID: 3054251854047567383, guid: c9e0f2696b97c2749b4eba7e0d68907c, type: 3}
      propertyPath: _bot._points.Array.data[7]
      value: 
      objectReference: {fileID: 0}
    - target: {fileID: 3054251854047567383, guid: c9e0f2696b97c2749b4eba7e0d68907c, type: 3}
      propertyPath: _bot._points.Array.data[8]
      value: 
      objectReference: {fileID: 0}
    - target: {fileID: 3054251854047567383, guid: c9e0f2696b97c2749b4eba7e0d68907c, type: 3}
      propertyPath: _bot._points.Array.data[9]
      value: 
      objectReference: {fileID: 0}
    m_RemovedComponents: []
  m_SourcePrefab: {fileID: 100100000, guid: c9e0f2696b97c2749b4eba7e0d68907c, type: 3}
--- !u!4 &8098505035474157033 stripped
Transform:
  m_CorrespondingSourceObject: {fileID: 384903830983816117, guid: c9e0f2696b97c2749b4eba7e0d68907c, type: 3}
  m_PrefabInstance: {fileID: 8445613325980274268}
  m_PrefabAsset: {fileID: 0}
